% How to cite webpage: https://tex.stackexchange.com/questions/3587/how-can-i-use-bibtex-to-cite-a-web-page
@misc{ref1,
title = {Uber Drivers and Employment Status in the Gig Economy: Should Corporate Social Responsibility Tip the Scales?},
author = {Malos, Stan and Lester, Gretchen and Virick, Meghna},
howpublished = {Employee Responsibilities and Rights Journal Vol30 2018,12},
note = {10.1007/s10672-018-9325-9}
}
@misc{ref2,
title = {TLC Trip Record Data by NYC},
note = {https://www1.nyc.gov/site/tlc/about/tlc-trip-record-data.page}
}
@misc{ref3,
title = {XGBoost: A Scalable Tree Boosting System},
author = {Chen, Tianqi and Guestrin, Carlos},
howpublished = {Proceedings of the 22nd ACM SIGKDD International Conference on Knowledge Discovery and Data Mining 785â€“794, 2016},
note = {10.1145/2939672.2939785}
}
@misc{ref4,
title = {What is logistic regression?},
author = {IBM},
note = {https://www.ibm.com/topics/logistic-regression}
}